<?xml version="1.0" encoding="UTF-8"?>
<record xmlns="http://www.loc.gov/MARC21/slim">
   <leader>00922cam a2200229 a 4500</leader>
   <controlfield tag="001">2527137</controlfield>
   <controlfield tag="003">NjP</controlfield>
   <controlfield tag="005">20170829173358.0</controlfield>
   <controlfield tag="008">850410s1969    iq            001 0 arar </controlfield>
   <datafield tag="024" ind1="7" ind2=" ">
      <subfield code="a">princeton_aco003969</subfield>
      <subfield code="2">local</subfield>
   </datafield>
   <datafield ind1=" " ind2=" " tag="010">
      <subfield code="a">   79961786  </subfield>
   </datafield>
   <datafield ind1=" " ind2=" " tag="035">
      <subfield code="a">(OCoLC)ocm11902926</subfield>
   </datafield>
   <datafield ind1=" " ind2=" " tag="035">
      <subfield code="9">CLX2038TS</subfield>
   </datafield>
   <datafield ind1=" " ind2=" " tag="040">
      <subfield code="a">DLC</subfield>
      <subfield code="c">TXQ</subfield>
      <subfield code="d">TXQ</subfield>
      <subfield code="d">OCL</subfield>
      <subfield code="d">PUL</subfield>
   </datafield>
   <datafield ind1="1" ind2=" " tag="110">
      <subfield code="a">Iraq.</subfield>
      <subfield code="0">http://id.loc.gov/authorities/names/n79077342</subfield>
   </datafield>
   <datafield ind1="1" ind2="0" tag="245">
      <subfield code="a">Qānūn al-tijārah bi-shaklihi al-muʻaddal al-akhīr :</subfield>
      <subfield code="b">mudhayyal bi-aḥkām al-iflās min qānūn al-tijārah al-barrīyah al-ʻUthmānīyah.</subfield>
   </datafield>
   <datafield ind1=" " ind2=" " tag="260">
      <subfield code="a">Baghdād :</subfield>
      <subfield code="b">Maṭbaʻat Asʻad,</subfield>
      <subfield code="c">1969 [cover 1970].</subfield>
   </datafield>
   <datafield ind1=" " ind2=" " tag="300">
      <subfield code="a">206 p. ;</subfield>
      <subfield code="c">22 cm.</subfield>
   </datafield>
   <datafield ind1="0" ind2=" " tag="490">
      <subfield code="a">Majmūʻah al-dāʾimah lil-qawānīn wa-al-anẓimah al-ʻIrāqīyah al-muwaḥḥadah</subfield>
   </datafield>
   <datafield ind1=" " ind2=" " tag="500">
      <subfield code="a">Includes index.</subfield>
   </datafield>
   <datafield ind1=" " ind2="0" tag="650">
      <subfield code="a">Commercial law</subfield>
      <subfield code="z">Iraq.</subfield>
   </datafield>
   <datafield ind1=" " ind2=" " tag="945">
      <subfield code="a">F</subfield>
      <subfield code="b">1</subfield>
      <subfield code="c">7979.485.8</subfield>
   </datafield>
   <datafield ind1=" " ind2=" " tag="911">
      <subfield code="a">19990912</subfield>
   </datafield>
   <datafield ind1="0" ind2="0" tag="852">
      <subfield code="0">2830132</subfield>
      <subfield code="b">rcppa</subfield>
      <subfield code="t">1</subfield>
      <subfield code="h">KMJ914.31969</subfield>
      <subfield code="i">.A52 1970</subfield>
      <subfield code="x">tr fr f</subfield>
   </datafield>
   <datafield ind1=" " ind2=" " tag="959">
      <subfield code="a">2003-07-17 12:17:06 -0400</subfield>
   </datafield>
</record>
